<?xml version="1.0" encoding="UTF-8"?><collection xmlns="http://www.loc.gov/MARC21/slim"><record><leader>00389nam--2200121-i-4500</leader><controlfield tag="001">000028908</controlfield><controlfield tag="002">20161230</controlfield><controlfield tag="005">20161230201037</controlfield><controlfield tag="008">060222s1000------------r-----000-0-eng-d</controlfield><datafield ind1=" " ind2=" " tag="080"><subfield code="a">621.039.8</subfield></datafield><datafield ind1=" " ind2=" " tag="245"><subfield code="a">European society of nuclear methods in agriculture.esna.proceedings, 1972</subfield></datafield><datafield ind1=" " ind2=" " tag="260"><subfield code="a">Belgrade-zemun, The Union Of Biological Scientific Societies Of Yugoslavia, 1972. 78p</subfield></datafield><datafield ind1=" " ind2=" " tag="852"><subfield code="a">44344</subfield></datafield></record></collection>